%% This BibTeX bibliography file was created using BibDesk.
%% http://bibdesk.sourceforge.net/

%% Created for Jannik Hoffjann at 2015-12-04 18:22:44 +0100 


%% Saved with string encoding Unicode (UTF-8) 



@inproceedings{fieldsend_2014,
	Author = {Fieldsend, Jonathan E},
	Booktitle = {Evolutionary Computation (CEC), 2014 IEEE Congress on},
	Date-Added = {2015-12-04 16:55:21 +0000},
	Date-Modified = {2015-12-04 17:16:31 +0000},
	Organization = {IEEE},
	Pages = {2593--2600},
	Title = {Running Up Those Hills: Multi-modal search with the niching migratory multi-swarm optimiser},
	Year = {2014}}
