%% This BibTeX bibliography file was created using BibDesk.
%% http://bibdesk.sourceforge.net/

%% Created for Jannik Hoffjann at 2015-12-18 17:04:27 +0100 


%% Saved with string encoding Unicode (UTF-8) 



@article{li_2013,
	Author = {Li, Xiaodong and Engelbrecht, Andries and Epitropakis, Michael G},
	Date-Added = {2015-12-18 16:00:51 +0000},
	Date-Modified = {2015-12-18 16:04:24 +0000},
	Journal = {RMIT University, Evolutionary Computation and Machine Learning Group, Australia, Tech. Rep},
	Title = {Benchmark functions for CEC'2013 special session and competition on niching methods for multimodal function optimization},
	Year = {2013}}

@inproceedings{epitropakis_2013,
	Author = {Epitropakis, Michael G and Li, Xiaodong and Burke, Edmund K},
	Booktitle = {Evolutionary Computation (CEC), 2013 IEEE Congress on},
	Date-Added = {2015-12-05 12:52:58 +0000},
	Date-Modified = {2015-12-05 12:53:09 +0000},
	Organization = {IEEE},
	Pages = {79--86},
	Title = {A dynamic archive niching differential evolution algorithm for multimodal optimization},
	Year = {2013}}

@inproceedings{preuss_2010,
	Acmid = {1830793},
	Address = {New York, NY, USA},
	Author = {Preuss, Mike},
	Booktitle = {Proceedings of the 12th Annual Conference Companion on Genetic and Evolutionary Computation},
	Date-Added = {2015-12-05 12:47:27 +0000},
	Date-Modified = {2015-12-05 12:47:39 +0000},
	Doi = {10.1145/1830761.1830793},
	Isbn = {978-1-4503-0073-5},
	Keywords = {benchmarking, black-box optimization, niching},
	Location = {Portland, Oregon, USA},
	Numpages = {8},
	Pages = {1711--1718},
	Publisher = {ACM},
	Series = {GECCO '10},
	Title = {Niching the CMA-ES via Nearest-better Clustering},
	Url = {http://doi.acm.org/10.1145/1830761.1830793},
	Year = {2010},
	Bdsk-Url-1 = {http://doi.acm.org/10.1145/1830761.1830793},
	Bdsk-Url-2 = {http://dx.doi.org/10.1145/1830761.1830793}}

@article{ihaka_1998,
	Author = {Ihaka, Ross},
	Date-Added = {2015-12-05 12:08:55 +0000},
	Date-Modified = {2015-12-05 12:09:05 +0000},
	Journal = {COMPUTING SCIENCE AND STATISTICS},
	Pages = {392--396},
	Title = {R: Past and future history},
	Year = {1998}}

@inproceedings{fieldsend_2014,
	Author = {Fieldsend, Jonathan E},
	Booktitle = {Evolutionary Computation (CEC), 2014 IEEE Congress on},
	Date-Added = {2015-12-04 16:55:21 +0000},
	Date-Modified = {2015-12-04 17:16:31 +0000},
	Organization = {IEEE},
	Pages = {2593--2600},
	Title = {Running Up Those Hills: Multi-modal search with the niching migratory multi-swarm optimiser},
	Year = {2014}}
